@inproceedings{rodrigo2009affective,
  title={Affective and behavioral predictors of novice programmer achievement},
  author={Rodrigo, Ma Mercedes T and Baker, Ryan S and Jadud, Matthew C and Amarra, Anna Christine M and Dy, Thomas and Espejo-Lahoz, Maria Beatriz V and Lim, Sheryl Ann L and Pascua, Sheila AMS and Sugay, Jessica O and Tabanao, Emily S},
  booktitle={ACM SIGCSE Bulletin},
  volume={41},
  number={3},
  pages={156--160},
  year={2009},
  organization={ACM}
}

@inproceedings{ihantola2010review,
  title={Review of recent systems for automatic assessment of programming assignments},
  author={Ihantola, Petri and Ahoniemi, Tuukka and Karavirta, Ville and Sepp{\"a}l{\"a}, Otto},
  booktitle={Proceedings of the 10th Koli calling international conference on computing education research},
  pages={86--93},
  year={2010},
  organization={ACM}
}

@article{smith2000programming,
  title={Programming by example: novice programming comes of age},
  author={Smith, David Canfield and Cypher, Allen and Tesler, Larry},
  journal={Communications of the ACM},
  volume={43},
  number={3},
  pages={75--81},
  year={2000},
  publisher={ACM}
}

@inproceedings{lee2011personifying,
  title={Personifying programming tool feedback improves novice programmers' learning},
  author={Lee, Michael J and Ko, Andrew J},
  booktitle={Proceedings of the seventh international workshop on Computing education research},
  pages={109--116},
  year={2011},
  organization={ACM}
}

@article{soflano2015application,
  title={An application of adaptive games-based learning based on learning style to teach SQL},
  author={Soflano, Mario and Connolly, Thomas M and Hainey, Thomas},
  journal={Computers \& Education},
  volume={86},
  pages={192--211},
  year={2015},
  publisher={Elsevier}
}

@inproceedings{teague2008collaborative,
  title={Collaborative learning: towards a solution for novice programmers},
  author={Teague, Donna and Roe, Paul},
  booktitle={Proceedings of the tenth conference on Australasian computing education-Volume 78},
  pages={147--153},
  year={2008},
  organization={Australian Computer Society, Inc.}
}

@article{lowe1999extracting,
  title={Extracting information from an animation during complex visual learning},
  author={Lowe, Richard K},
  journal={European journal of psychology of education},
  volume={14},
  number={2},
  pages={225--244},
  year={1999},
  publisher={Springer}
}

@article{beeland2002student,
  title={Student engagement, visual learning and technology: can interactive whiteboards help?},
  author={Beeland Jr, William D},
  year={2002},
  publisher={Valdosta State University College of Education}
}

@article{mayer2003three,
  title={Three facets of visual and verbal learners: Cognitive ability, cognitive style, and learning preference.},
  author={Mayer, Richard E and Massa, Laura J},
  journal={Journal of educational psychology},
  volume={95},
  number={4},
  pages={833},
  year={2003},
  publisher={American Psychological Association}
}